
   <marc:record>
      <marc:leader>     cam a22        4500</marc:leader>
      <marc:controlfield tag="001">109087151</marc:controlfield>
      <marc:controlfield tag="003">DE-576</marc:controlfield>
      <marc:controlfield tag="005">20210519221242.0</marc:controlfield>
      <marc:controlfield tag="007">tu</marc:controlfield>
      <marc:controlfield tag="008">040114s2003    xx ||||| c    00| ||ger c</marc:controlfield>
      <marc:datafield tag="015" ind1=" " ind2=" ">
         <marc:subfield code="a">04,N02,3226</marc:subfield>
         <marc:subfield code="2">dnb</marc:subfield>
      </marc:datafield>
      <marc:datafield tag="016" ind1="7" ind2=" ">
         <marc:subfield code="a">969571496</marc:subfield>
         <marc:subfield code="2">DE-101</marc:subfield>
      </marc:datafield>
      <marc:datafield tag="020" ind1=" " ind2=" ">
         <marc:subfield code="a">3898612643</marc:subfield>
         <marc:subfield code="9">3-89861-264-3</marc:subfield>
      </marc:datafield>
      <marc:datafield tag="024" ind1="3" ind2=" ">
         <marc:subfield code="a">9783898612647</marc:subfield>
      </marc:datafield>
      <marc:datafield tag="035" ind1=" " ind2=" ">
         <marc:subfield code="a">(DE-627)160901894X</marc:subfield>
      </marc:datafield>
      <marc:datafield tag="035" ind1=" " ind2=" ">
         <marc:subfield code="a">(DE-576)109087151</marc:subfield>
      </marc:datafield>
      <marc:datafield tag="035" ind1=" " ind2=" ">
         <marc:subfield code="a">(DE-599)DNB969571496</marc:subfield>
      </marc:datafield>
      <marc:datafield tag="035" ind1=" " ind2=" ">
         <marc:subfield code="a">(OCoLC)314490729</marc:subfield>
      </marc:datafield>
      <marc:datafield tag="035" ind1=" " ind2=" ">
         <marc:subfield code="a">(OCoLC)237819464</marc:subfield>
      </marc:datafield>
      <marc:datafield tag="035" ind1=" " ind2=" ">
         <marc:subfield code="a">(DE-615)00919574</marc:subfield>
      </marc:datafield>
      <marc:datafield tag="040" ind1=" " ind2=" ">
         <marc:subfield code="a">DE-576</marc:subfield>
         <marc:subfield code="b">ger</marc:subfield>
         <marc:subfield code="c">DE-576</marc:subfield>
         <marc:subfield code="e">rakwb</marc:subfield>
      </marc:datafield>
      <marc:datafield tag="041" ind1=" " ind2=" ">
         <marc:subfield code="a">ger</marc:subfield>
         <marc:subfield code="a">rus</marc:subfield>
      </marc:datafield>
      <marc:datafield tag="082" ind1="0" ind2=" ">
         <marc:subfield code="a">940</marc:subfield>
      </marc:datafield>
      <marc:datafield tag="082" ind1="0" ind2="4">
         <marc:subfield code="a">940</marc:subfield>
      </marc:datafield>
      <marc:datafield tag="084" ind1=" " ind2=" ">
         <marc:subfield code="a">9,10</marc:subfield>
         <marc:subfield code="2">ssgn</marc:subfield>
      </marc:datafield>
      <marc:datafield tag="084" ind1=" " ind2=" ">
         <marc:subfield code="a">NK 7222</marc:subfield>
         <marc:subfield code="2">rvk</marc:subfield>
         <marc:subfield code="0">(DE-625)rvk/126196:</marc:subfield>
      </marc:datafield>
      <marc:datafield tag="245" ind1="1" ind2="0">
         <marc:subfield code="a">Spuren</marc:subfield>
         <marc:subfield code="b">Deutsche und Russen in der Geschichte; Begleitbuch zur Ausstellung im Haus der Geschichte der Bundesrepublik Deutschland, Bonn, 3. Dezember 2003 bis 12. April 2004 = Sledy : nemcy i russkie v istorii</marc:subfield>
         <marc:subfield code="c">[Red.: Petra Rösgen]</marc:subfield>
      </marc:datafield>
      <marc:datafield tag="246" ind1="3" ind2="1">
         <marc:subfield code="a">Sledy</marc:subfield>
         <marc:subfield code="b">nemcy i russkie v istorii</marc:subfield>
      </marc:datafield>
      <marc:datafield tag="246" ind1="3" ind2="3">
         <marc:subfield code="a">Sledy</marc:subfield>
      </marc:datafield>
      <marc:datafield tag="263" ind1=" " ind2=" ">
         <marc:subfield code="a">Kt. : EUR 19.80</marc:subfield>
      </marc:datafield>
      <marc:datafield tag="264" ind1=" " ind2="1">
         <marc:subfield code="a">Essen</marc:subfield>
         <marc:subfield code="b">Klartext</marc:subfield>
         <marc:subfield code="c">2003</marc:subfield>
      </marc:datafield>
      <marc:datafield tag="264" ind1=" " ind2="1">
         <marc:subfield code="a">Bonn</marc:subfield>
         <marc:subfield code="b">Stiftung Haus der Geschichte der Bundesrepublik Deutschland</marc:subfield>
         <marc:subfield code="c">2003</marc:subfield>
      </marc:datafield>
      <marc:datafield tag="300" ind1=" " ind2=" ">
         <marc:subfield code="a">208 S.</marc:subfield>
         <marc:subfield code="b">zahlr. Ill.</marc:subfield>
         <marc:subfield code="c">264 mm x 225 mm</marc:subfield>
      </marc:datafield>
      <marc:datafield tag="336" ind1=" " ind2=" ">
         <marc:subfield code="a">Text</marc:subfield>
         <marc:subfield code="b">txt</marc:subfield>
         <marc:subfield code="2">rdacontent</marc:subfield>
      </marc:datafield>
      <marc:datafield tag="336" ind1=" " ind2=" ">
         <marc:subfield code="a">unbewegtes Bild</marc:subfield>
         <marc:subfield code="b">sti</marc:subfield>
         <marc:subfield code="2">rdacontent</marc:subfield>
      </marc:datafield>
      <marc:datafield tag="337" ind1=" " ind2=" ">
         <marc:subfield code="a">ohne Hilfsmittel zu benutzen</marc:subfield>
         <marc:subfield code="b">n</marc:subfield>
         <marc:subfield code="2">rdamedia</marc:subfield>
      </marc:datafield>
      <marc:datafield tag="338" ind1=" " ind2=" ">
         <marc:subfield code="a">Band</marc:subfield>
         <marc:subfield code="b">nc</marc:subfield>
         <marc:subfield code="2">rdacarrier</marc:subfield>
      </marc:datafield>
      <marc:datafield tag="500" ind1=" " ind2=" ">
         <marc:subfield code="a">Teilw. in kyrill. Schr., russ</marc:subfield>
      </marc:datafield>
      <marc:datafield tag="591" ind1=" " ind2=" ">
         <marc:subfield code="a">NK 7222:L1UB ; IMD-Felder und 1131 maschinell ergänzt (SWB)</marc:subfield>
      </marc:datafield>
      <marc:datafield tag="651" ind1=" " ind2="7">
         <marc:subfield code="0">(DE-588)4011882-4</marc:subfield>
         <marc:subfield code="0">(DE-627)104704861</marc:subfield>
         <marc:subfield code="0">(DE-576)208896155</marc:subfield>
         <marc:subfield code="a">Deutschland</marc:subfield>
         <marc:subfield code="2">gnd</marc:subfield>
      </marc:datafield>
      <marc:datafield tag="651" ind1=" " ind2="7">
         <marc:subfield code="0">(DE-588)4077548-3</marc:subfield>
         <marc:subfield code="0">(DE-627)104152052</marc:subfield>
         <marc:subfield code="0">(DE-576)20920558X</marc:subfield>
         <marc:subfield code="a">Sowjetunion</marc:subfield>
         <marc:subfield code="2">gnd</marc:subfield>
      </marc:datafield>
      <marc:datafield tag="651" ind1=" " ind2="7">
         <marc:subfield code="0">(DE-588)4076899-5</marc:subfield>
         <marc:subfield code="0">(DE-627)104251980</marc:subfield>
         <marc:subfield code="0">(DE-576)209203366</marc:subfield>
         <marc:subfield code="a">Russland</marc:subfield>
         <marc:subfield code="2">gnd</marc:subfield>
      </marc:datafield>
      <marc:datafield tag="650" ind1="0" ind2="7">
         <marc:subfield code="0">(DE-588)4072885-7</marc:subfield>
         <marc:subfield code="0">(DE-627)106093932</marc:subfield>
         <marc:subfield code="0">(DE-576)209188553</marc:subfield>
         <marc:subfield code="a">Internationale Politik</marc:subfield>
         <marc:subfield code="2">gnd</marc:subfield>
      </marc:datafield>
      <marc:datafield tag="650" ind1="0" ind2="7">
         <marc:subfield code="0">(DE-588)4020517-4</marc:subfield>
         <marc:subfield code="0">(DE-627)106317768</marc:subfield>
         <marc:subfield code="0">(DE-576)208933697</marc:subfield>
         <marc:subfield code="a">Geschichte</marc:subfield>
         <marc:subfield code="2">gnd</marc:subfield>
      </marc:datafield>
      <marc:datafield tag="650" ind1="0" ind2="7">
         <marc:subfield code="0">(DE-588)4209283-8</marc:subfield>
         <marc:subfield code="0">(DE-627)104353201</marc:subfield>
         <marc:subfield code="0">(DE-576)210191112</marc:subfield>
         <marc:subfield code="a">Einflussgröße</marc:subfield>
         <marc:subfield code="2">gnd</marc:subfield>
      </marc:datafield>
      <marc:datafield tag="650" ind1="0" ind2="7">
         <marc:subfield code="0">(DE-588)4000911-7</marc:subfield>
         <marc:subfield code="0">(DE-627)106399403</marc:subfield>
         <marc:subfield code="0">(DE-576)208840206</marc:subfield>
         <marc:subfield code="a">Akkulturation</marc:subfield>
         <marc:subfield code="2">gnd</marc:subfield>
      </marc:datafield>
      <marc:datafield tag="650" ind1="0" ind2="7">
         <marc:subfield code="0">(DE-588)4211565-6</marc:subfield>
         <marc:subfield code="0">(DE-627)105087521</marc:subfield>
         <marc:subfield code="0">(DE-576)21020446X</marc:subfield>
         <marc:subfield code="a">Kulturübertragung</marc:subfield>
         <marc:subfield code="2">gnd</marc:subfield>
      </marc:datafield>
      <marc:datafield tag="650" ind1="0" ind2="7">
         <marc:subfield code="0">(DE-588)4165964-8</marc:subfield>
         <marc:subfield code="0">(DE-627)105436267</marc:subfield>
         <marc:subfield code="0">(DE-576)20989900X</marc:subfield>
         <marc:subfield code="a">Kulturaustausch</marc:subfield>
         <marc:subfield code="2">gnd</marc:subfield>
      </marc:datafield>
      <marc:datafield tag="650" ind1="0" ind2="7">
         <marc:subfield code="0">(DE-588)4068297-3</marc:subfield>
         <marc:subfield code="0">(DE-627)104713542</marc:subfield>
         <marc:subfield code="0">(DE-576)209173440</marc:subfield>
         <marc:subfield code="a">Wirtschaftsbeziehungen</marc:subfield>
         <marc:subfield code="2">gnd</marc:subfield>
      </marc:datafield>
      <marc:datafield tag="650" ind1="0" ind2="7">
         <marc:subfield code="0">(DE-588)4064317-7</marc:subfield>
         <marc:subfield code="0">(DE-627)106124315</marc:subfield>
         <marc:subfield code="0">(DE-576)209152699</marc:subfield>
         <marc:subfield code="a">Wahrnehmung</marc:subfield>
         <marc:subfield code="2">gnd</marc:subfield>
      </marc:datafield>
      <marc:datafield tag="655" ind1=" " ind2="7">
         <marc:subfield code="a">Ausstellungskatalog</marc:subfield>
         <marc:subfield code="y">2003</marc:subfield>
         <marc:subfield code="z">Bonn</marc:subfield>
         <marc:subfield code="0">(DE-588)4135467-9</marc:subfield>
         <marc:subfield code="0">(DE-627)10566491X</marc:subfield>
         <marc:subfield code="0">(DE-576)209660988</marc:subfield>
         <marc:subfield code="2">gnd-content</marc:subfield>
      </marc:datafield>
      <marc:datafield tag="689" ind1="0" ind2="0">
         <marc:subfield code="D">g</marc:subfield>
         <marc:subfield code="0">(DE-588)4011882-4</marc:subfield>
         <marc:subfield code="0">(DE-627)104704861</marc:subfield>
         <marc:subfield code="0">(DE-576)208896155</marc:subfield>
         <marc:subfield code="a">Deutschland</marc:subfield>
         <marc:subfield code="2">gnd</marc:subfield>
      </marc:datafield>
      <marc:datafield tag="689" ind1="0" ind2="1">
         <marc:subfield code="D">g</marc:subfield>
         <marc:subfield code="0">(DE-588)4076899-5</marc:subfield>
         <marc:subfield code="0">(DE-627)104251980</marc:subfield>
         <marc:subfield code="0">(DE-576)209203366</marc:subfield>
         <marc:subfield code="a">Russland</marc:subfield>
         <marc:subfield code="2">gnd</marc:subfield>
      </marc:datafield>
      <marc:datafield tag="689" ind1="0" ind2="2">
         <marc:subfield code="A">z</marc:subfield>
         <marc:subfield code="2">gnd</marc:subfield>
         <marc:subfield code="a">Geschichte 1900-2000</marc:subfield>
      </marc:datafield>
      <marc:datafield tag="689" ind1="0" ind2=" ">
         <marc:subfield code="5">DE-101</marc:subfield>
      </marc:datafield>
      <marc:datafield tag="689" ind1="1" ind2="0">
         <marc:subfield code="D">g</marc:subfield>
         <marc:subfield code="0">(DE-588)4011882-4</marc:subfield>
         <marc:subfield code="0">(DE-627)104704861</marc:subfield>
         <marc:subfield code="0">(DE-576)208896155</marc:subfield>
         <marc:subfield code="a">Deutschland</marc:subfield>
         <marc:subfield code="2">gnd</marc:subfield>
      </marc:datafield>
      <marc:datafield tag="689" ind1="1" ind2="1">
         <marc:subfield code="D">s</marc:subfield>
         <marc:subfield code="0">(DE-588)4125698-0</marc:subfield>
         <marc:subfield code="0">(DE-627)104470348</marc:subfield>
         <marc:subfield code="0">(DE-576)209578750</marc:subfield>
         <marc:subfield code="a">Kultur</marc:subfield>
         <marc:subfield code="2">gnd</marc:subfield>
      </marc:datafield>
      <marc:datafield tag="689" ind1="1" ind2="2">
         <marc:subfield code="D">g</marc:subfield>
         <marc:subfield code="0">(DE-588)4076899-5</marc:subfield>
         <marc:subfield code="0">(DE-627)104251980</marc:subfield>
         <marc:subfield code="0">(DE-576)209203366</marc:subfield>
         <marc:subfield code="a">Russland</marc:subfield>
         <marc:subfield code="2">gnd</marc:subfield>
      </marc:datafield>
      <marc:datafield tag="689" ind1="1" ind2="3">
         <marc:subfield code="A">z</marc:subfield>
         <marc:subfield code="2">gnd</marc:subfield>
         <marc:subfield code="a">Geschichte 1900-2000</marc:subfield>
      </marc:datafield>
      <marc:datafield tag="689" ind1="1" ind2=" ">
         <marc:subfield code="5">DE-101</marc:subfield>
      </marc:datafield>
      <marc:datafield tag="700" ind1="1" ind2=" ">
         <marc:subfield code="a">Rösgen, Petra</marc:subfield>
         <marc:subfield code="e">Red.</marc:subfield>
         <marc:subfield code="0">(DE-588)136186505</marc:subfield>
         <marc:subfield code="0">(DE-627)577703382</marc:subfield>
         <marc:subfield code="0">(DE-576)17259667X</marc:subfield>
         <marc:subfield code="4">adp</marc:subfield>
      </marc:datafield>
      <marc:datafield tag="710" ind1="2" ind2=" ">
         <marc:subfield code="a">Haus der Geschichte der Bundesrepublik Deutschland</marc:subfield>
         <marc:subfield code="0">(DE-588)2091611-5</marc:subfield>
         <marc:subfield code="0">(DE-627)100455883</marc:subfield>
         <marc:subfield code="0">(DE-576)192721739</marc:subfield>
         <marc:subfield code="4">oth</marc:subfield>
      </marc:datafield>
      <marc:datafield tag="856" ind1="4" ind2="2">
         <marc:subfield code="u">http://www.gbv.de/dms/bs/toc/376062347.pdf</marc:subfield>
         <marc:subfield code="x">Verlag</marc:subfield>
         <marc:subfield code="z">Kostenfrei</marc:subfield>
         <marc:subfield code="3">Inhaltsverzeichnis</marc:subfield>
      </marc:datafield>
      <marc:datafield tag="936" ind1="r" ind2="v">
         <marc:subfield code="a">NK 7222</marc:subfield>
         <marc:subfield code="b">Russland, ehem. Sowjetunion, GUS</marc:subfield>
         <marc:subfield code="k">Geschichte</marc:subfield>
         <marc:subfield code="k">Weltgeschichte, Darstellungen Allgemeine Geschichte einzelner Staaten und Völker Teilgebiete der Geschichte, Sammelwerke</marc:subfield>
         <marc:subfield code="k">Geschichte der internationalen Beziehungen</marc:subfield>
         <marc:subfield code="k">Beziehungen zwischen Mitteleuropa (Deutschland) und anderen Staaten und Völkern</marc:subfield>
         <marc:subfield code="k">Zu europäischen Staaten und Völkern</marc:subfield>
         <marc:subfield code="k">Russland, ehem. Sowjetunion, GUS</marc:subfield>
         <marc:subfield code="0">(DE-627)1271463733</marc:subfield>
         <marc:subfield code="0">(DE-625)rvk/126196:</marc:subfield>
         <marc:subfield code="0">(DE-576)201463733</marc:subfield>
      </marc:datafield>
      <marc:datafield tag="936" ind1="f" ind2="i">
         <marc:subfield code="a">RA05.01</marc:subfield>
         <marc:subfield code="b">Deutschland</marc:subfield>
         <marc:subfield code="k">Europa</marc:subfield>
         <marc:subfield code="k">Mitteleuropa</marc:subfield>
         <marc:subfield code="k">Deutschland</marc:subfield>
         <marc:subfield code="0">(DE-627)1756131678</marc:subfield>
         <marc:subfield code="2">fivr</marc:subfield>
      </marc:datafield>
      <marc:datafield tag="936" ind1="f" ind2="i">
         <marc:subfield code="a">RA07.21</marc:subfield>
         <marc:subfield code="b">Russische Föderation</marc:subfield>
         <marc:subfield code="k">Europa</marc:subfield>
         <marc:subfield code="k">Osteuropa</marc:subfield>
         <marc:subfield code="k">Russische Föderation</marc:subfield>
         <marc:subfield code="0">(DE-627)1756131945</marc:subfield>
         <marc:subfield code="2">fivr</marc:subfield>
      </marc:datafield>
      <marc:datafield tag="936" ind1="f" ind2="i">
         <marc:subfield code="a">RA07.01</marc:subfield>
         <marc:subfield code="b">Sowjetunion</marc:subfield>
         <marc:subfield code="k">Europa</marc:subfield>
         <marc:subfield code="k">Osteuropa</marc:subfield>
         <marc:subfield code="k">Sowjetunion</marc:subfield>
         <marc:subfield code="0">(DE-627)1756131864</marc:subfield>
         <marc:subfield code="2">fivr</marc:subfield>
      </marc:datafield>
      <marc:datafield tag="936" ind1="f" ind2="i">
         <marc:subfield code="a">SB01</marc:subfield>
         <marc:subfield code="b">Internationale Beziehungen/Prozesse</marc:subfield>
         <marc:subfield code="k">Internationale(s) Politik/System</marc:subfield>
         <marc:subfield code="k">Internationale Beziehungen/Prozesse</marc:subfield>
         <marc:subfield code="0">(DE-627)1756135290</marc:subfield>
         <marc:subfield code="2">fivs</marc:subfield>
      </marc:datafield>
      <marc:datafield tag="938" ind1="1" ind2="0">
         <marc:subfield code="0">(DE-627)175614625X</marc:subfield>
         <marc:subfield code="0">(DE-615)800559570</marc:subfield>
         <marc:subfield code="a">Deutschland</marc:subfield>
      </marc:datafield>
      <marc:datafield tag="938" ind1="1" ind2="0">
         <marc:subfield code="0">(DE-627)175615998X</marc:subfield>
         <marc:subfield code="0">(DE-615)800389768</marc:subfield>
         <marc:subfield code="a">Sowjetunion</marc:subfield>
      </marc:datafield>
      <marc:datafield tag="938" ind1="1" ind2="0">
         <marc:subfield code="0">(DE-627)1756224358</marc:subfield>
         <marc:subfield code="0">(DE-615)800207939</marc:subfield>
         <marc:subfield code="a">Russische Föderation</marc:subfield>
      </marc:datafield>
      <marc:datafield tag="938" ind1="1" ind2="0">
         <marc:subfield code="0">(DE-627)175616732X</marc:subfield>
         <marc:subfield code="0">(DE-615)800410074</marc:subfield>
         <marc:subfield code="a">Bilaterale internationale Beziehungen</marc:subfield>
      </marc:datafield>
      <marc:datafield tag="938" ind1="1" ind2="0">
         <marc:subfield code="0">(DE-627)1756210764</marc:subfield>
         <marc:subfield code="0">(DE-615)800333646</marc:subfield>
         <marc:subfield code="a">Historische Faktoren</marc:subfield>
      </marc:datafield>
      <marc:datafield tag="938" ind1="1" ind2="0">
         <marc:subfield code="0">(DE-627)1756184739</marc:subfield>
         <marc:subfield code="0">(DE-615)800078628</marc:subfield>
         <marc:subfield code="a">Kultureinfluss</marc:subfield>
      </marc:datafield>
      <marc:datafield tag="938" ind1="1" ind2="0">
         <marc:subfield code="0">(DE-627)1756171785</marc:subfield>
         <marc:subfield code="0">(DE-615)800442372</marc:subfield>
         <marc:subfield code="a">Kulturaustausch</marc:subfield>
      </marc:datafield>
      <marc:datafield tag="938" ind1="1" ind2="0">
         <marc:subfield code="0">(DE-627)1756169241</marc:subfield>
         <marc:subfield code="0">(DE-615)800061556</marc:subfield>
         <marc:subfield code="a">Wirtschaftsbeziehungen zwischen Ländern</marc:subfield>
      </marc:datafield>
      <marc:datafield tag="938" ind1="1" ind2="0">
         <marc:subfield code="0">(DE-627)1756238456</marc:subfield>
         <marc:subfield code="0">(DE-615)800656202</marc:subfield>
         <marc:subfield code="a">Perzeption</marc:subfield>
      </marc:datafield>
      <marc:datafield tag="938" ind1="1" ind2="0">
         <marc:subfield code="0">(DE-627)1756152446</marc:subfield>
         <marc:subfield code="0">(DE-615)800461067</marc:subfield>
         <marc:subfield code="a">Jahrhundert 20.</marc:subfield>
      </marc:datafield>
      <marc:datafield tag="938" ind1="1" ind2="1">
         <marc:subfield code="0">(DE-627)104682922</marc:subfield>
         <marc:subfield code="0">(DE-588)4013021-6</marc:subfield>
         <marc:subfield code="a">Drittes Reich</marc:subfield>
         <marc:subfield code="2">gnd</marc:subfield>
      </marc:datafield>
      <marc:datafield tag="938" ind1="1" ind2="1">
         <marc:subfield code="0">(DE-627)1756161119</marc:subfield>
         <marc:subfield code="0">(DE-615)800396931</marc:subfield>
         <marc:subfield code="a">Weimarer Republik</marc:subfield>
      </marc:datafield>
      <marc:datafield tag="938" ind1="1" ind2="1">
         <marc:subfield code="0">(DE-627)1756231893</marc:subfield>
         <marc:subfield code="0">(DE-615)800154473</marc:subfield>
         <marc:subfield code="a">Bundesrepublik Deutschland (1949-1990)</marc:subfield>
      </marc:datafield>
      <marc:datafield tag="938" ind1="1" ind2="1">
         <marc:subfield code="0">(DE-627)106075403</marc:subfield>
         <marc:subfield code="0">(DE-588)4079167-1</marc:subfield>
         <marc:subfield code="a">Weltkrieg</marc:subfield>
         <marc:subfield code="g">1939-1945</marc:subfield>
         <marc:subfield code="2">gnd</marc:subfield>
      </marc:datafield>
      <marc:datafield tag="938" ind1="1" ind2="1">
         <marc:subfield code="0">(DE-627)1756214069</marc:subfield>
         <marc:subfield code="0">(DE-615)800106516</marc:subfield>
         <marc:subfield code="a">Kriegsgefangenenlager</marc:subfield>
      </marc:datafield>
      <marc:datafield tag="938" ind1="1" ind2="1">
         <marc:subfield code="0">(DE-627)1756153310</marc:subfield>
         <marc:subfield code="0">(DE-615)800367955</marc:subfield>
         <marc:subfield code="a">Ethnische Bevölkerungsgruppe/Volksgruppe</marc:subfield>
      </marc:datafield>
      <marc:datafield tag="938" ind1="1" ind2="1">
         <marc:subfield code="0">(DE-627)1756221804</marc:subfield>
         <marc:subfield code="0">(DE-615)800224508</marc:subfield>
         <marc:subfield code="a">Einwanderung/Einwanderer</marc:subfield>
      </marc:datafield>
      <marc:datafield tag="938" ind1="1" ind2="1">
         <marc:subfield code="0">(DE-627)1756154279</marc:subfield>
         <marc:subfield code="0">(DE-615)800212035</marc:subfield>
         <marc:subfield code="a">Diaspora</marc:subfield>
      </marc:datafield>
      <marc:datafield tag="938" ind1="1" ind2="1">
         <marc:subfield code="0">(DE-627)1756223815</marc:subfield>
         <marc:subfield code="0">(DE-615)800215197</marc:subfield>
         <marc:subfield code="a">Deutsche</marc:subfield>
      </marc:datafield>
      <marc:datafield tag="938" ind1="1" ind2="1">
         <marc:subfield code="0">(DE-627)10425257X</marc:subfield>
         <marc:subfield code="0">(DE-588)4066886-1</marc:subfield>
         <marc:subfield code="a">Wolgadeutsche</marc:subfield>
         <marc:subfield code="2">gnd</marc:subfield>
      </marc:datafield>
      <marc:datafield tag="938" ind1="1" ind2="1">
         <marc:subfield code="0">(DE-627)175616486X</marc:subfield>
         <marc:subfield code="0">(DE-615)800288485</marc:subfield>
         <marc:subfield code="a">Russen</marc:subfield>
      </marc:datafield>
      <marc:datafield tag="938" ind1="1" ind2="1">
         <marc:subfield code="0">(DE-627)1756213747</marc:subfield>
         <marc:subfield code="0">(DE-615)800016607</marc:subfield>
         <marc:subfield code="a">Deutschlandbild</marc:subfield>
      </marc:datafield>
      <marc:datafield tag="938" ind1="1" ind2="1">
         <marc:subfield code="0">(DE-627)1756156220</marc:subfield>
         <marc:subfield code="0">(DE-615)800533889</marc:subfield>
         <marc:subfield code="a">Auslandsbild</marc:subfield>
      </marc:datafield>
      <marc:datafield tag="938" ind1="1" ind2="1">
         <marc:subfield code="0">(DE-627)1756164991</marc:subfield>
         <marc:subfield code="0">(DE-615)800294573</marc:subfield>
         <marc:subfield code="a">Tanz</marc:subfield>
      </marc:datafield>
      <marc:datafield tag="938" ind1="1" ind2="1">
         <marc:subfield code="0">(DE-627)104465611</marc:subfield>
         <marc:subfield code="0">(DE-588)4130303-9</marc:subfield>
         <marc:subfield code="a">Bauhaus</marc:subfield>
         <marc:subfield code="2">gnd</marc:subfield>
      </marc:datafield>
      <marc:datafield tag="938" ind1="1" ind2="1">
         <marc:subfield code="0">(DE-627)1756148791</marc:subfield>
         <marc:subfield code="0">(DE-615)800444479</marc:subfield>
         <marc:subfield code="a">Rußland (vor 1917)</marc:subfield>
      </marc:datafield>
      <marc:datafield tag="951" ind1=" " ind2=" ">
         <marc:subfield code="a">BO</marc:subfield>
      </marc:datafield>
   </marc:record>