
   <marc:record>
      <marc:leader>     cam a22        4500</marc:leader>
      <marc:controlfield tag="001">083187065</marc:controlfield>
      <marc:controlfield tag="003">DE-576</marc:controlfield>
      <marc:controlfield tag="005">20181229165808.0</marc:controlfield>
      <marc:controlfield tag="007">tu</marc:controlfield>
      <marc:controlfield tag="008">000207s2000    xx |||||      00| ||eng c</marc:controlfield>
      <marc:datafield tag="016" ind1="7" ind2=" ">
         <marc:subfield code="a">b99U8512</marc:subfield>
         <marc:subfield code="2">UK</marc:subfield>
      </marc:datafield>
      <marc:datafield tag="020" ind1=" " ind2=" ">
         <marc:subfield code="a">0521640466</marc:subfield>
         <marc:subfield code="9">0-521-64046-6</marc:subfield>
      </marc:datafield>
      <marc:datafield tag="024" ind1="3" ind2=" ">
         <marc:subfield code="a">9780521640466</marc:subfield>
      </marc:datafield>
      <marc:datafield tag="035" ind1=" " ind2=" ">
         <marc:subfield code="a">(DE-627)1608526836</marc:subfield>
      </marc:datafield>
      <marc:datafield tag="035" ind1=" " ind2=" ">
         <marc:subfield code="a">(DE-576)083187065</marc:subfield>
      </marc:datafield>
      <marc:datafield tag="035" ind1=" " ind2=" ">
         <marc:subfield code="a">(DE-599)BSZ083187065</marc:subfield>
      </marc:datafield>
      <marc:datafield tag="035" ind1=" " ind2=" ">
         <marc:subfield code="a">(OCoLC)44270468</marc:subfield>
      </marc:datafield>
      <marc:datafield tag="035" ind1=" " ind2=" ">
         <marc:subfield code="a">(OCoLC)833732810</marc:subfield>
      </marc:datafield>
      <marc:datafield tag="035" ind1=" " ind2=" ">
         <marc:subfield code="a">(DE-604)8129533920</marc:subfield>
      </marc:datafield>
      <marc:datafield tag="040" ind1=" " ind2=" ">
         <marc:subfield code="a">DE-576</marc:subfield>
         <marc:subfield code="b">ger</marc:subfield>
         <marc:subfield code="c">DE-576</marc:subfield>
         <marc:subfield code="e">rakwb</marc:subfield>
      </marc:datafield>
      <marc:datafield tag="041" ind1=" " ind2=" ">
         <marc:subfield code="a">eng</marc:subfield>
      </marc:datafield>
      <marc:datafield tag="082" ind1="0" ind2=" ">
         <marc:subfield code="a">700.45094409032</marc:subfield>
      </marc:datafield>
      <marc:datafield tag="084" ind1=" " ind2=" ">
         <marc:subfield code="a">9,10</marc:subfield>
         <marc:subfield code="2">ssgn</marc:subfield>
      </marc:datafield>
      <marc:datafield tag="084" ind1=" " ind2=" ">
         <marc:subfield code="a">LM 10150</marc:subfield>
         <marc:subfield code="2">rvk</marc:subfield>
         <marc:subfield code="0">(DE-625)rvk/101005:</marc:subfield>
      </marc:datafield>
      <marc:datafield tag="100" ind1="1" ind2=" ">
         <marc:subfield code="a">Cohen, Sarah R.</marc:subfield>
         <marc:subfield code="4">aut</marc:subfield>
      </marc:datafield>
      <marc:datafield tag="245" ind1="1" ind2="0">
         <marc:subfield code="a">Art, dance, and the body in French culture of the ancien régime</marc:subfield>
         <marc:subfield code="c">Sarah R. Cohen</marc:subfield>
      </marc:datafield>
      <marc:datafield tag="263" ind1=" " ind2=" ">
         <marc:subfield code="a">: £45.00 : CIP entry (Mar.)</marc:subfield>
      </marc:datafield>
      <marc:datafield tag="264" ind1=" " ind2="1">
         <marc:subfield code="a">Cambridge</marc:subfield>
         <marc:subfield code="b">Cambridge University Press</marc:subfield>
         <marc:subfield code="c">2000</marc:subfield>
      </marc:datafield>
      <marc:datafield tag="300" ind1=" " ind2=" ">
         <marc:subfield code="a">352 S.</marc:subfield>
         <marc:subfield code="b">Ill.</marc:subfield>
      </marc:datafield>
      <marc:datafield tag="336" ind1=" " ind2=" ">
         <marc:subfield code="a">Text</marc:subfield>
         <marc:subfield code="b">txt</marc:subfield>
         <marc:subfield code="2">rdacontent</marc:subfield>
      </marc:datafield>
      <marc:datafield tag="337" ind1=" " ind2=" ">
         <marc:subfield code="a">ohne Hilfsmittel zu benutzen</marc:subfield>
         <marc:subfield code="b">n</marc:subfield>
         <marc:subfield code="2">rdamedia</marc:subfield>
      </marc:datafield>
      <marc:datafield tag="338" ind1=" " ind2=" ">
         <marc:subfield code="a">Band</marc:subfield>
         <marc:subfield code="b">nc</marc:subfield>
         <marc:subfield code="2">rdacarrier</marc:subfield>
      </marc:datafield>
      <marc:datafield tag="591" ind1=" " ind2=" ">
         <marc:subfield code="a">580-584:FRUB/Skar. - EAN nur auf Schutzumschlag; 720 ff. bvb ; 5090: L1UB/sred ; IMD-Felder und 1131 maschinell ergänzt (SWB)</marc:subfield>
      </marc:datafield>
      <marc:datafield tag="650" ind1=" " ind2="4">
         <marc:subfield code="a">Art and dance</marc:subfield>
         <marc:subfield code="x">France</marc:subfield>
         <marc:subfield code="x">History</marc:subfield>
         <marc:subfield code="x">17th century</marc:subfield>
      </marc:datafield>
      <marc:datafield tag="650" ind1=" " ind2="4">
         <marc:subfield code="a">Art and dance</marc:subfield>
         <marc:subfield code="x">France</marc:subfield>
         <marc:subfield code="x">History</marc:subfield>
         <marc:subfield code="x">18th century</marc:subfield>
      </marc:datafield>
      <marc:datafield tag="650" ind1=" " ind2="4">
         <marc:subfield code="a">Human figure in art</marc:subfield>
      </marc:datafield>
      <marc:datafield tag="650" ind1=" " ind2="4">
         <marc:subfield code="a">France</marc:subfield>
         <marc:subfield code="x">Civilization</marc:subfield>
         <marc:subfield code="x">17th century</marc:subfield>
      </marc:datafield>
      <marc:datafield tag="689" ind1="0" ind2="0">
         <marc:subfield code="D">g</marc:subfield>
         <marc:subfield code="0">(DE-588)4018145-5</marc:subfield>
         <marc:subfield code="0">(DE-627)106327232</marc:subfield>
         <marc:subfield code="0">(DE-576)208922857</marc:subfield>
         <marc:subfield code="a">Frankreich</marc:subfield>
         <marc:subfield code="2">gnd</marc:subfield>
      </marc:datafield>
      <marc:datafield tag="689" ind1="0" ind2="1">
         <marc:subfield code="D">s</marc:subfield>
         <marc:subfield code="0">(DE-588)4114333-4</marc:subfield>
         <marc:subfield code="0">(DE-627)105822957</marc:subfield>
         <marc:subfield code="0">(DE-576)209483733</marc:subfield>
         <marc:subfield code="a">Kunst</marc:subfield>
         <marc:subfield code="2">gnd</marc:subfield>
      </marc:datafield>
      <marc:datafield tag="689" ind1="0" ind2="2">
         <marc:subfield code="D">s</marc:subfield>
         <marc:subfield code="0">(DE-588)4164424-4</marc:subfield>
         <marc:subfield code="0">(DE-627)105447579</marc:subfield>
         <marc:subfield code="0">(DE-576)20988844X</marc:subfield>
         <marc:subfield code="a">Körper</marc:subfield>
         <marc:subfield code="g">Motiv</marc:subfield>
         <marc:subfield code="2">gnd</marc:subfield>
      </marc:datafield>
      <marc:datafield tag="689" ind1="0" ind2="3">
         <marc:subfield code="A">z</marc:subfield>
         <marc:subfield code="2">gnd</marc:subfield>
         <marc:subfield code="a">Geschichte 1600-1800</marc:subfield>
      </marc:datafield>
      <marc:datafield tag="689" ind1="0" ind2=" ">
         <marc:subfield code="5">(DE-627)</marc:subfield>
      </marc:datafield>
      <marc:datafield tag="689" ind1="1" ind2="0">
         <marc:subfield code="D">g</marc:subfield>
         <marc:subfield code="0">(DE-588)4018145-5</marc:subfield>
         <marc:subfield code="0">(DE-627)106327232</marc:subfield>
         <marc:subfield code="0">(DE-576)208922857</marc:subfield>
         <marc:subfield code="a">Frankreich</marc:subfield>
         <marc:subfield code="2">gnd</marc:subfield>
      </marc:datafield>
      <marc:datafield tag="689" ind1="1" ind2="1">
         <marc:subfield code="D">s</marc:subfield>
         <marc:subfield code="0">(DE-588)4059028-8</marc:subfield>
         <marc:subfield code="0">(DE-627)106144979</marc:subfield>
         <marc:subfield code="0">(DE-576)209129018</marc:subfield>
         <marc:subfield code="a">Tanz</marc:subfield>
         <marc:subfield code="2">gnd</marc:subfield>
      </marc:datafield>
      <marc:datafield tag="689" ind1="1" ind2="2">
         <marc:subfield code="A">z</marc:subfield>
         <marc:subfield code="2">gnd</marc:subfield>
         <marc:subfield code="a">Geschichte 1600-1800</marc:subfield>
      </marc:datafield>
      <marc:datafield tag="689" ind1="1" ind2=" ">
         <marc:subfield code="5">(DE-627)</marc:subfield>
      </marc:datafield>
      <marc:datafield tag="689" ind1="2" ind2="0">
         <marc:subfield code="D">g</marc:subfield>
         <marc:subfield code="0">(DE-588)4018145-5</marc:subfield>
         <marc:subfield code="0">(DE-627)106327232</marc:subfield>
         <marc:subfield code="0">(DE-576)208922857</marc:subfield>
         <marc:subfield code="a">Frankreich</marc:subfield>
         <marc:subfield code="2">gnd</marc:subfield>
      </marc:datafield>
      <marc:datafield tag="689" ind1="2" ind2="1">
         <marc:subfield code="D">s</marc:subfield>
         <marc:subfield code="0">(DE-588)4031575-7</marc:subfield>
         <marc:subfield code="0">(DE-627)106264915</marc:subfield>
         <marc:subfield code="0">(DE-576)208993282</marc:subfield>
         <marc:subfield code="a">Körper</marc:subfield>
         <marc:subfield code="2">gnd</marc:subfield>
      </marc:datafield>
      <marc:datafield tag="689" ind1="2" ind2="2">
         <marc:subfield code="D">s</marc:subfield>
         <marc:subfield code="0">(DE-588)4125698-0</marc:subfield>
         <marc:subfield code="0">(DE-627)104470348</marc:subfield>
         <marc:subfield code="0">(DE-576)209578750</marc:subfield>
         <marc:subfield code="a">Kultur</marc:subfield>
         <marc:subfield code="2">gnd</marc:subfield>
      </marc:datafield>
      <marc:datafield tag="689" ind1="2" ind2="3">
         <marc:subfield code="A">z</marc:subfield>
         <marc:subfield code="2">gnd</marc:subfield>
         <marc:subfield code="a">Geschichte 1600-1800</marc:subfield>
      </marc:datafield>
      <marc:datafield tag="689" ind1="2" ind2=" ">
         <marc:subfield code="5">(DE-627)</marc:subfield>
      </marc:datafield>
      <marc:datafield tag="936" ind1="r" ind2="v">
         <marc:subfield code="a">LM 10150</marc:subfield>
         <marc:subfield code="b">Barock, Rokoko</marc:subfield>
         <marc:subfield code="k">Kunstgeschichte</marc:subfield>
         <marc:subfield code="k">Kunst nach Ländern bzw. Kontinenten</marc:subfield>
         <marc:subfield code="k">Frankreich</marc:subfield>
         <marc:subfield code="k">Französische Kunstgeschichte einzelner Epochen</marc:subfield>
         <marc:subfield code="k">Barock, Rokoko</marc:subfield>
         <marc:subfield code="0">(DE-627)1270944983</marc:subfield>
         <marc:subfield code="0">(DE-625)rvk/101005:</marc:subfield>
         <marc:subfield code="0">(DE-576)200944983</marc:subfield>
      </marc:datafield>
      <marc:datafield tag="951" ind1=" " ind2=" ">
         <marc:subfield code="a">BO</marc:subfield>
      </marc:datafield>
   </marc:record>