
   <marc:record>
      <marc:leader>     cam a22        4500</marc:leader>
      <marc:controlfield tag="001">053500431</marc:controlfield>
      <marc:controlfield tag="003">DE-576</marc:controlfield>
      <marc:controlfield tag="005">20201209190347.0</marc:controlfield>
      <marc:controlfield tag="007">tu</marc:controlfield>
      <marc:controlfield tag="008">960801s1975    xx |||||      00| ||ger c</marc:controlfield>
      <marc:datafield tag="020" ind1=" " ind2=" ">
         <marc:subfield code="a">9631350665</marc:subfield>
         <marc:subfield code="9">963-13-5066-5</marc:subfield>
      </marc:datafield>
      <marc:datafield tag="035" ind1=" " ind2=" ">
         <marc:subfield code="a">(DE-627)1608240568</marc:subfield>
      </marc:datafield>
      <marc:datafield tag="035" ind1=" " ind2=" ">
         <marc:subfield code="a">(DE-576)053500431</marc:subfield>
      </marc:datafield>
      <marc:datafield tag="035" ind1=" " ind2=" ">
         <marc:subfield code="a">(DE-599)BSZ053500431</marc:subfield>
      </marc:datafield>
      <marc:datafield tag="035" ind1=" " ind2=" ">
         <marc:subfield code="a">(OCoLC)09588790</marc:subfield>
      </marc:datafield>
      <marc:datafield tag="035" ind1=" " ind2=" ">
         <marc:subfield code="a">(DE-604)8032351038</marc:subfield>
      </marc:datafield>
      <marc:datafield tag="040" ind1=" " ind2=" ">
         <marc:subfield code="a">DE-576</marc:subfield>
         <marc:subfield code="b">ger</marc:subfield>
         <marc:subfield code="c">DE-576</marc:subfield>
         <marc:subfield code="e">rakwb</marc:subfield>
      </marc:datafield>
      <marc:datafield tag="041" ind1=" " ind2=" ">
         <marc:subfield code="a">ger</marc:subfield>
      </marc:datafield>
      <marc:datafield tag="084" ind1=" " ind2=" ">
         <marc:subfield code="a">LB 57275</marc:subfield>
         <marc:subfield code="2">rvk</marc:subfield>
         <marc:subfield code="0">(DE-625)rvk/90573:853</marc:subfield>
      </marc:datafield>
      <marc:datafield tag="084" ind1=" " ind2=" ">
         <marc:subfield code="a">LB 58275</marc:subfield>
         <marc:subfield code="2">rvk</marc:subfield>
         <marc:subfield code="0">(DE-625)rvk/90575:853</marc:subfield>
      </marc:datafield>
      <marc:datafield tag="084" ind1=" " ind2=" ">
         <marc:subfield code="a">AP 85447</marc:subfield>
         <marc:subfield code="2">rvk</marc:subfield>
         <marc:subfield code="0">(DE-625)rvk/8054:706</marc:subfield>
      </marc:datafield>
      <marc:datafield tag="100" ind1="1" ind2=" ">
         <marc:subfield code="a">Korniss, Péter</marc:subfield>
         <marc:subfield code="d">1937-</marc:subfield>
         <marc:subfield code="0">(DE-588)124007589</marc:subfield>
         <marc:subfield code="0">(DE-627)085579726</marc:subfield>
         <marc:subfield code="0">(DE-576)169425835</marc:subfield>
         <marc:subfield code="4">aut</marc:subfield>
      </marc:datafield>
      <marc:datafield tag="240" ind1="1" ind2="0">
         <marc:subfield code="a">Elindultam világ útján &lt;dt.&gt;</marc:subfield>
      </marc:datafield>
      <marc:datafield tag="245" ind1="1" ind2="0">
         <marc:subfield code="a">Bräutigam des Himmels</marc:subfield>
         <marc:subfield code="b">Bilder ungarischer Volksbräuche</marc:subfield>
         <marc:subfield code="c">Péter Korniss</marc:subfield>
      </marc:datafield>
      <marc:datafield tag="264" ind1=" " ind2="1">
         <marc:subfield code="a">Budapest</marc:subfield>
         <marc:subfield code="b">Corvina-Verlag</marc:subfield>
         <marc:subfield code="c">1975</marc:subfield>
      </marc:datafield>
      <marc:datafield tag="300" ind1=" " ind2=" ">
         <marc:subfield code="a">[68] S.</marc:subfield>
         <marc:subfield code="b">überw. Ill.</marc:subfield>
      </marc:datafield>
      <marc:datafield tag="336" ind1=" " ind2=" ">
         <marc:subfield code="a">unbewegtes Bild</marc:subfield>
         <marc:subfield code="b">sti</marc:subfield>
         <marc:subfield code="2">rdacontent</marc:subfield>
      </marc:datafield>
      <marc:datafield tag="337" ind1=" " ind2=" ">
         <marc:subfield code="a">ohne Hilfsmittel zu benutzen</marc:subfield>
         <marc:subfield code="b">n</marc:subfield>
         <marc:subfield code="2">rdamedia</marc:subfield>
      </marc:datafield>
      <marc:datafield tag="338" ind1=" " ind2=" ">
         <marc:subfield code="a">Band</marc:subfield>
         <marc:subfield code="b">nc</marc:subfield>
         <marc:subfield code="2">rdacarrier</marc:subfield>
      </marc:datafield>
      <marc:datafield tag="583" ind1="1" ind2=" ">
         <marc:subfield code="a">Archivierung/Langzeitarchivierung geplant</marc:subfield>
         <marc:subfield code="c">20200919</marc:subfield>
         <marc:subfield code="f">DE-640</marc:subfield>
         <marc:subfield code="z">2</marc:subfield>
         <marc:subfield code="2">pdager</marc:subfield>
      </marc:datafield>
      <marc:datafield tag="591" ind1=" " ind2=" ">
         <marc:subfield code="a">720 ff. bvb; 580 ff. bvb ; IMD-Felder und 1131 maschinell ergänzt (SWB)</marc:subfield>
      </marc:datafield>
      <marc:datafield tag="655" ind1=" " ind2="7">
         <marc:subfield code="a">Bildband</marc:subfield>
         <marc:subfield code="0">(DE-588)4145395-5</marc:subfield>
         <marc:subfield code="0">(DE-627)104450835</marc:subfield>
         <marc:subfield code="0">(DE-576)209741139</marc:subfield>
         <marc:subfield code="2">gnd-content</marc:subfield>
      </marc:datafield>
      <marc:datafield tag="689" ind1="0" ind2="0">
         <marc:subfield code="D">g</marc:subfield>
         <marc:subfield code="0">(DE-588)4078541-5</marc:subfield>
         <marc:subfield code="0">(DE-627)104826150</marc:subfield>
         <marc:subfield code="0">(DE-576)209209097</marc:subfield>
         <marc:subfield code="a">Ungarn</marc:subfield>
         <marc:subfield code="2">gnd</marc:subfield>
      </marc:datafield>
      <marc:datafield tag="689" ind1="0" ind2="1">
         <marc:subfield code="D">s</marc:subfield>
         <marc:subfield code="0">(DE-588)4008017-1</marc:subfield>
         <marc:subfield code="0">(DE-627)106370308</marc:subfield>
         <marc:subfield code="0">(DE-576)208873813</marc:subfield>
         <marc:subfield code="a">Brauchtum</marc:subfield>
         <marc:subfield code="2">gnd</marc:subfield>
      </marc:datafield>
      <marc:datafield tag="689" ind1="0" ind2=" ">
         <marc:subfield code="5">(DE-627)</marc:subfield>
      </marc:datafield>
      <marc:datafield tag="700" ind1="1" ind2="2">
         <marc:subfield code="a">Korniss, Péter</marc:subfield>
         <marc:subfield code="d">1937-</marc:subfield>
         <marc:subfield code="t">Elindultam világ útján &lt;dt.&gt;</marc:subfield>
      </marc:datafield>
      <marc:datafield tag="850" ind1=" " ind2=" ">
         <marc:subfield code="a">ab</marc:subfield>
      </marc:datafield>
      <marc:datafield tag="936" ind1="r" ind2="v">
         <marc:subfield code="a">LB 57275</marc:subfield>
         <marc:subfield code="b">Ungarn</marc:subfield>
         <marc:subfield code="k">Ethnologie</marc:subfield>
         <marc:subfield code="k">Soziale und politische Organisation und Praxis</marc:subfield>
         <marc:subfield code="k">Kulturkontakt, Reisen, Tourismus</marc:subfield>
         <marc:subfield code="k">Europa</marc:subfield>
         <marc:subfield code="k">Osteuropa</marc:subfield>
         <marc:subfield code="k">Südosteuropa</marc:subfield>
         <marc:subfield code="k">Ungarn</marc:subfield>
         <marc:subfield code="0">(DE-627)127244533X</marc:subfield>
         <marc:subfield code="0">(DE-625)rvk/90573:853</marc:subfield>
         <marc:subfield code="0">(DE-576)20244533X</marc:subfield>
      </marc:datafield>
      <marc:datafield tag="936" ind1="r" ind2="v">
         <marc:subfield code="a">LB 58275</marc:subfield>
         <marc:subfield code="b">Ungarn</marc:subfield>
         <marc:subfield code="k">Ethnologie</marc:subfield>
         <marc:subfield code="k">Rituale und Bräuche</marc:subfield>
         <marc:subfield code="k">Rituale und Bräuche allgemein, Ritualtheorie</marc:subfield>
         <marc:subfield code="k">Europa</marc:subfield>
         <marc:subfield code="k">Osteuropa</marc:subfield>
         <marc:subfield code="k">Südosteuropa</marc:subfield>
         <marc:subfield code="k">Ungarn</marc:subfield>
         <marc:subfield code="0">(DE-627)1271706717</marc:subfield>
         <marc:subfield code="0">(DE-625)rvk/90575:853</marc:subfield>
         <marc:subfield code="0">(DE-576)201706717</marc:subfield>
      </marc:datafield>
      <marc:datafield tag="936" ind1="r" ind2="v">
         <marc:subfield code="a">AP 85447</marc:subfield>
         <marc:subfield code="b">Ungarn</marc:subfield>
         <marc:subfield code="k">Allgemeines</marc:subfield>
         <marc:subfield code="k">Medien- und Kommunikationswissenschaften, Kommunikationsdesign</marc:subfield>
         <marc:subfield code="k">Tanz</marc:subfield>
         <marc:subfield code="k">Volkstanz</marc:subfield>
         <marc:subfield code="k">Volkstänze in einzelnen Ländern</marc:subfield>
         <marc:subfield code="k">Europa</marc:subfield>
         <marc:subfield code="k">Osteuropa, Slawischer Kulturkreis</marc:subfield>
         <marc:subfield code="k">Südosteuropa</marc:subfield>
         <marc:subfield code="k">Ungarn</marc:subfield>
         <marc:subfield code="0">(DE-627)1271069512</marc:subfield>
         <marc:subfield code="0">(DE-625)rvk/8054:706</marc:subfield>
         <marc:subfield code="0">(DE-576)201069512</marc:subfield>
      </marc:datafield>
      <marc:datafield tag="951" ind1=" " ind2=" ">
         <marc:subfield code="a">BO</marc:subfield>
      </marc:datafield>
   </marc:record>