
   <marc:record>
      <marc:leader>     cam a22        4500</marc:leader>
      <marc:controlfield tag="001">267350953</marc:controlfield>
      <marc:controlfield tag="003">DE-576</marc:controlfield>
      <marc:controlfield tag="005">20201211120958.0</marc:controlfield>
      <marc:controlfield tag="007">tu</marc:controlfield>
      <marc:controlfield tag="008">070808s2007    gw ||||| m    00| ||ger c</marc:controlfield>
      <marc:datafield tag="015" ind1=" " ind2=" ">
         <marc:subfield code="a">07,N31,0900</marc:subfield>
         <marc:subfield code="2">dnb</marc:subfield>
      </marc:datafield>
      <marc:datafield tag="016" ind1="7" ind2=" ">
         <marc:subfield code="a">984890653</marc:subfield>
         <marc:subfield code="2">DE-101</marc:subfield>
      </marc:datafield>
      <marc:datafield tag="020" ind1=" " ind2=" ">
         <marc:subfield code="a">9783487134055</marc:subfield>
         <marc:subfield code="c">Pb. : EUR 58.00</marc:subfield>
         <marc:subfield code="9">978-3-487-13405-5</marc:subfield>
      </marc:datafield>
      <marc:datafield tag="020" ind1=" " ind2=" ">
         <marc:subfield code="a">3487134055</marc:subfield>
         <marc:subfield code="c">Pb. : EUR 58.00</marc:subfield>
         <marc:subfield code="9">3-487-13405-5</marc:subfield>
      </marc:datafield>
      <marc:datafield tag="024" ind1="3" ind2=" ">
         <marc:subfield code="a">9783487134055</marc:subfield>
      </marc:datafield>
      <marc:datafield tag="035" ind1=" " ind2=" ">
         <marc:subfield code="a">(DE-627)160706331X</marc:subfield>
      </marc:datafield>
      <marc:datafield tag="035" ind1=" " ind2=" ">
         <marc:subfield code="a">(DE-576)267350953</marc:subfield>
      </marc:datafield>
      <marc:datafield tag="035" ind1=" " ind2=" ">
         <marc:subfield code="a">(DE-599)DNB984890653</marc:subfield>
      </marc:datafield>
      <marc:datafield tag="035" ind1=" " ind2=" ">
         <marc:subfield code="a">(OCoLC)166763844</marc:subfield>
      </marc:datafield>
      <marc:datafield tag="035" ind1=" " ind2=" ">
         <marc:subfield code="a">(OCoLC)966116949</marc:subfield>
      </marc:datafield>
      <marc:datafield tag="040" ind1=" " ind2=" ">
         <marc:subfield code="a">DE-576</marc:subfield>
         <marc:subfield code="b">ger</marc:subfield>
         <marc:subfield code="c">DE-576</marc:subfield>
         <marc:subfield code="e">rakwb</marc:subfield>
      </marc:datafield>
      <marc:datafield tag="041" ind1=" " ind2=" ">
         <marc:subfield code="a">ger</marc:subfield>
      </marc:datafield>
      <marc:datafield tag="044" ind1=" " ind2=" ">
         <marc:subfield code="c">XA-DE-NI</marc:subfield>
      </marc:datafield>
      <marc:datafield tag="082" ind1="0" ind2=" ">
         <marc:subfield code="a">701/.8</marc:subfield>
      </marc:datafield>
      <marc:datafield tag="082" ind1="0" ind2="4">
         <marc:subfield code="a">750</marc:subfield>
      </marc:datafield>
      <marc:datafield tag="084" ind1=" " ind2=" ">
         <marc:subfield code="a">9,10</marc:subfield>
         <marc:subfield code="2">ssgn</marc:subfield>
      </marc:datafield>
      <marc:datafield tag="084" ind1=" " ind2=" ">
         <marc:subfield code="a">LH 84350</marc:subfield>
         <marc:subfield code="2">rvk</marc:subfield>
         <marc:subfield code="0">(DE-625)rvk/95297:</marc:subfield>
      </marc:datafield>
      <marc:datafield tag="084" ind1=" " ind2=" ">
         <marc:subfield code="a">LI 41200</marc:subfield>
         <marc:subfield code="2">rvk</marc:subfield>
         <marc:subfield code="0">(DE-625)rvk/96255:</marc:subfield>
      </marc:datafield>
      <marc:datafield tag="084" ind1=" " ind2=" ">
         <marc:subfield code="a">LI 42120</marc:subfield>
         <marc:subfield code="2">rvk</marc:subfield>
         <marc:subfield code="0">(DE-625)rvk/96269:</marc:subfield>
      </marc:datafield>
      <marc:datafield tag="084" ind1=" " ind2=" ">
         <marc:subfield code="a">AP 84820</marc:subfield>
         <marc:subfield code="2">rvk</marc:subfield>
         <marc:subfield code="0">(DE-625)rvk/8043:</marc:subfield>
      </marc:datafield>
      <marc:datafield tag="100" ind1="1" ind2=" ">
         <marc:subfield code="a">Senti-Schmidlin, Verena</marc:subfield>
         <marc:subfield code="0">(DE-627)1251132855</marc:subfield>
         <marc:subfield code="0">(DE-576)181132850</marc:subfield>
         <marc:subfield code="4">aut</marc:subfield>
      </marc:datafield>
      <marc:datafield tag="245" ind1="1" ind2="0">
         <marc:subfield code="a">Rhythmus und Tanz in der Malerei</marc:subfield>
         <marc:subfield code="b">zur Bewegungsästhetik im Werk von Ferdinand Hodler und Ludwig von Hofmann</marc:subfield>
         <marc:subfield code="c">Verena Senti-Schmidlin</marc:subfield>
      </marc:datafield>
      <marc:datafield tag="264" ind1=" " ind2="1">
         <marc:subfield code="a">Hildesheim</marc:subfield>
         <marc:subfield code="a">Zürich [u.a.]</marc:subfield>
         <marc:subfield code="b">Olms</marc:subfield>
         <marc:subfield code="c">2007</marc:subfield>
      </marc:datafield>
      <marc:datafield tag="300" ind1=" " ind2=" ">
         <marc:subfield code="a">VIII, 302 S.</marc:subfield>
         <marc:subfield code="b">Ill.</marc:subfield>
         <marc:subfield code="c">240 mm x 170 mm</marc:subfield>
      </marc:datafield>
      <marc:datafield tag="336" ind1=" " ind2=" ">
         <marc:subfield code="a">Text</marc:subfield>
         <marc:subfield code="b">txt</marc:subfield>
         <marc:subfield code="2">rdacontent</marc:subfield>
      </marc:datafield>
      <marc:datafield tag="337" ind1=" " ind2=" ">
         <marc:subfield code="a">ohne Hilfsmittel zu benutzen</marc:subfield>
         <marc:subfield code="b">n</marc:subfield>
         <marc:subfield code="2">rdamedia</marc:subfield>
      </marc:datafield>
      <marc:datafield tag="338" ind1=" " ind2=" ">
         <marc:subfield code="a">Band</marc:subfield>
         <marc:subfield code="b">nc</marc:subfield>
         <marc:subfield code="2">rdacarrier</marc:subfield>
      </marc:datafield>
      <marc:datafield tag="490" ind1="1" ind2=" ">
         <marc:subfield code="a">Studien zur Kunstgeschichte</marc:subfield>
         <marc:subfield code="v">170</marc:subfield>
      </marc:datafield>
      <marc:datafield tag="502" ind1=" " ind2=" ">
         <marc:subfield code="a">Zugl.: Freiburg, Univ., Diss., 2006</marc:subfield>
      </marc:datafield>
      <marc:datafield tag="583" ind1="1" ind2=" ">
         <marc:subfield code="a">Archivierung/Langzeitarchivierung geplant</marc:subfield>
         <marc:subfield code="c">20200919</marc:subfield>
         <marc:subfield code="f">DE-640</marc:subfield>
         <marc:subfield code="z">3</marc:subfield>
         <marc:subfield code="2">pdager</marc:subfield>
      </marc:datafield>
      <marc:datafield tag="591" ind1=" " ind2=" ">
         <marc:subfield code="a">5090 ddsu,sred ; IMD-Felder und 1131 maschinell ergänzt (SWB)</marc:subfield>
      </marc:datafield>
      <marc:datafield tag="655" ind1=" " ind2="7">
         <marc:subfield code="a">Hochschulschrift</marc:subfield>
         <marc:subfield code="0">(DE-588)4113937-9</marc:subfield>
         <marc:subfield code="0">(DE-627)105825778</marc:subfield>
         <marc:subfield code="0">(DE-576)209480580</marc:subfield>
         <marc:subfield code="2">gnd-content</marc:subfield>
      </marc:datafield>
      <marc:datafield tag="689" ind1="0" ind2="0">
         <marc:subfield code="D">p</marc:subfield>
         <marc:subfield code="0">(DE-588)118551817</marc:subfield>
         <marc:subfield code="0">(DE-627)142066230</marc:subfield>
         <marc:subfield code="0">(DE-576)208960082</marc:subfield>
         <marc:subfield code="a">Hodler, Ferdinand</marc:subfield>
         <marc:subfield code="d">1853-1918</marc:subfield>
         <marc:subfield code="2">gnd</marc:subfield>
      </marc:datafield>
      <marc:datafield tag="689" ind1="0" ind2="1">
         <marc:subfield code="D">s</marc:subfield>
         <marc:subfield code="0">(DE-588)4037220-0</marc:subfield>
         <marc:subfield code="0">(DE-627)10623871X</marc:subfield>
         <marc:subfield code="0">(DE-576)209022892</marc:subfield>
         <marc:subfield code="a">Malerei</marc:subfield>
         <marc:subfield code="2">gnd</marc:subfield>
      </marc:datafield>
      <marc:datafield tag="689" ind1="0" ind2="2">
         <marc:subfield code="D">s</marc:subfield>
         <marc:subfield code="0">(DE-588)4184440-3</marc:subfield>
         <marc:subfield code="0">(DE-627)104387653</marc:subfield>
         <marc:subfield code="0">(DE-576)210025670</marc:subfield>
         <marc:subfield code="a">Tanz</marc:subfield>
         <marc:subfield code="g">Motiv</marc:subfield>
         <marc:subfield code="2">gnd</marc:subfield>
      </marc:datafield>
      <marc:datafield tag="689" ind1="0" ind2=" ">
         <marc:subfield code="5">DE-101</marc:subfield>
      </marc:datafield>
      <marc:datafield tag="689" ind1="1" ind2="0">
         <marc:subfield code="D">p</marc:subfield>
         <marc:subfield code="0">(DE-588)118552708</marc:subfield>
         <marc:subfield code="0">(DE-627)145002896</marc:subfield>
         <marc:subfield code="0">(DE-576)161461875</marc:subfield>
         <marc:subfield code="a">Hofmann, Ludwig von</marc:subfield>
         <marc:subfield code="d">1861-1945</marc:subfield>
         <marc:subfield code="2">gnd</marc:subfield>
      </marc:datafield>
      <marc:datafield tag="689" ind1="1" ind2="1">
         <marc:subfield code="D">s</marc:subfield>
         <marc:subfield code="0">(DE-588)4037220-0</marc:subfield>
         <marc:subfield code="0">(DE-627)10623871X</marc:subfield>
         <marc:subfield code="0">(DE-576)209022892</marc:subfield>
         <marc:subfield code="a">Malerei</marc:subfield>
         <marc:subfield code="2">gnd</marc:subfield>
      </marc:datafield>
      <marc:datafield tag="689" ind1="1" ind2="2">
         <marc:subfield code="D">s</marc:subfield>
         <marc:subfield code="0">(DE-588)4184440-3</marc:subfield>
         <marc:subfield code="0">(DE-627)104387653</marc:subfield>
         <marc:subfield code="0">(DE-576)210025670</marc:subfield>
         <marc:subfield code="a">Tanz</marc:subfield>
         <marc:subfield code="g">Motiv</marc:subfield>
         <marc:subfield code="2">gnd</marc:subfield>
      </marc:datafield>
      <marc:datafield tag="689" ind1="1" ind2=" ">
         <marc:subfield code="5">DE-101</marc:subfield>
      </marc:datafield>
      <marc:datafield tag="751" ind1=" " ind2=" ">
         <marc:subfield code="a">Freiburg im Üechtland</marc:subfield>
         <marc:subfield code="0">(DE-588)4071444-5</marc:subfield>
         <marc:subfield code="0">(DE-627)106097687</marc:subfield>
         <marc:subfield code="0">(DE-576)209183993</marc:subfield>
         <marc:subfield code="4">uvp</marc:subfield>
      </marc:datafield>
      <marc:datafield tag="830" ind1=" " ind2="0">
         <marc:subfield code="a">Studien zur Kunstgeschichte</marc:subfield>
         <marc:subfield code="v">170</marc:subfield>
         <marc:subfield code="9">170</marc:subfield>
         <marc:subfield code="w">(DE-627)129411310</marc:subfield>
         <marc:subfield code="w">(DE-576)005266378</marc:subfield>
         <marc:subfield code="w">(DE-600)188562-5</marc:subfield>
         <marc:subfield code="x">0175-9558</marc:subfield>
      </marc:datafield>
      <marc:datafield tag="850" ind1=" " ind2=" ">
         <marc:subfield code="a">ab</marc:subfield>
      </marc:datafield>
      <marc:datafield tag="856" ind1="4" ind2="2">
         <marc:subfield code="u">http://www.gbv.de/dms/weimar/toc/53788954X_toc.pdf</marc:subfield>
         <marc:subfield code="m">V:DE-601</marc:subfield>
         <marc:subfield code="q">application/pdf</marc:subfield>
         <marc:subfield code="3">Inhaltsverzeichnis</marc:subfield>
      </marc:datafield>
      <marc:datafield tag="856" ind1="4" ind2="2">
         <marc:subfield code="u">http://deposit.d-nb.de/cgi-bin/dokserv?id=2982931&amp;prov=M&amp;dok_var=1&amp;dok_ext=htm</marc:subfield>
         <marc:subfield code="q">text/html</marc:subfield>
         <marc:subfield code="x">Verlag</marc:subfield>
         <marc:subfield code="3">Inhaltstext</marc:subfield>
      </marc:datafield>
      <marc:datafield tag="936" ind1="r" ind2="v">
         <marc:subfield code="a">LH 84350</marc:subfield>
         <marc:subfield code="b">Fest, Tanz</marc:subfield>
         <marc:subfield code="k">Kunstgeschichte</marc:subfield>
         <marc:subfield code="k">Allgemeines. Allgemeine Kunstgeschichte</marc:subfield>
         <marc:subfield code="k">Kunstgeschichte einzelner Gattungen der Kunst</marc:subfield>
         <marc:subfield code="k">Ikonographie, Ikonologie</marc:subfield>
         <marc:subfield code="k">Weltliche Ikonographie</marc:subfield>
         <marc:subfield code="k">Der Mensch</marc:subfield>
         <marc:subfield code="k">Die Stände</marc:subfield>
         <marc:subfield code="k">Fest, Tanz</marc:subfield>
         <marc:subfield code="0">(DE-627)1271122146</marc:subfield>
         <marc:subfield code="0">(DE-625)rvk/95297:</marc:subfield>
         <marc:subfield code="0">(DE-576)201122146</marc:subfield>
      </marc:datafield>
      <marc:datafield tag="936" ind1="r" ind2="v">
         <marc:subfield code="a">LI 41200</marc:subfield>
         <marc:subfield code="b">Hodler, Ferdinand</marc:subfield>
         <marc:subfield code="k">Kunstgeschichte</marc:subfield>
         <marc:subfield code="k">Künstler-Monografien</marc:subfield>
         <marc:subfield code="k">Alphabetische Künstlerliste</marc:subfield>
         <marc:subfield code="k">Künstler H</marc:subfield>
         <marc:subfield code="k">Hodler, Ferdinand</marc:subfield>
         <marc:subfield code="0">(DE-627)1270637924</marc:subfield>
         <marc:subfield code="0">(DE-625)rvk/96255:</marc:subfield>
         <marc:subfield code="0">(DE-576)200637924</marc:subfield>
      </marc:datafield>
      <marc:datafield tag="936" ind1="r" ind2="v">
         <marc:subfield code="a">LI 42120</marc:subfield>
         <marc:subfield code="b">Hofmann, Ludwig von</marc:subfield>
         <marc:subfield code="k">Kunstgeschichte</marc:subfield>
         <marc:subfield code="k">Künstler-Monografien</marc:subfield>
         <marc:subfield code="k">Alphabetische Künstlerliste</marc:subfield>
         <marc:subfield code="k">Künstler H</marc:subfield>
         <marc:subfield code="k">Hofmann, Ludwig von</marc:subfield>
         <marc:subfield code="0">(DE-627)1271133555</marc:subfield>
         <marc:subfield code="0">(DE-625)rvk/96269:</marc:subfield>
         <marc:subfield code="0">(DE-576)201133555</marc:subfield>
      </marc:datafield>
      <marc:datafield tag="936" ind1="r" ind2="v">
         <marc:subfield code="a">AP 84820</marc:subfield>
         <marc:subfield code="b">Tanz und Kunst</marc:subfield>
         <marc:subfield code="k">Allgemeines</marc:subfield>
         <marc:subfield code="k">Medien- und Kommunikationswissenschaften, Kommunikationsdesign</marc:subfield>
         <marc:subfield code="k">Tanz</marc:subfield>
         <marc:subfield code="k">Beziehungen, Ausstrahlungen</marc:subfield>
         <marc:subfield code="k">Tanz und Kunst</marc:subfield>
         <marc:subfield code="0">(DE-627)1270693492</marc:subfield>
         <marc:subfield code="0">(DE-625)rvk/8043:</marc:subfield>
         <marc:subfield code="0">(DE-576)200693492</marc:subfield>
      </marc:datafield>
      <marc:datafield tag="951" ind1=" " ind2=" ">
         <marc:subfield code="a">BO</marc:subfield>
      </marc:datafield>
   </marc:record>