
   <marc:record>
      <marc:leader>     cam a22        4500</marc:leader>
      <marc:controlfield tag="001">051912287</marc:controlfield>
      <marc:controlfield tag="003">DE-576</marc:controlfield>
      <marc:controlfield tag="005">20210501141035.0</marc:controlfield>
      <marc:controlfield tag="007">tu</marc:controlfield>
      <marc:controlfield tag="008">960508s1995    xx ||||| m    00| ||eng c</marc:controlfield>
      <marc:datafield tag="010" ind1=" " ind2=" ">
         <marc:subfield code="a">   94026452 </marc:subfield>
      </marc:datafield>
      <marc:datafield tag="020" ind1=" " ind2=" ">
         <marc:subfield code="a">0292787200</marc:subfield>
         <marc:subfield code="9">0-292-78720-0</marc:subfield>
      </marc:datafield>
      <marc:datafield tag="020" ind1=" " ind2=" ">
         <marc:subfield code="a">0292787235</marc:subfield>
         <marc:subfield code="9">0-292-78723-5</marc:subfield>
      </marc:datafield>
      <marc:datafield tag="035" ind1=" " ind2=" ">
         <marc:subfield code="a">(DE-627)1606223550</marc:subfield>
      </marc:datafield>
      <marc:datafield tag="035" ind1=" " ind2=" ">
         <marc:subfield code="a">(DE-576)051912287</marc:subfield>
      </marc:datafield>
      <marc:datafield tag="035" ind1=" " ind2=" ">
         <marc:subfield code="a">(DE-599)BSZ051912287</marc:subfield>
      </marc:datafield>
      <marc:datafield tag="035" ind1=" " ind2=" ">
         <marc:subfield code="a">(OCoLC)31166825</marc:subfield>
      </marc:datafield>
      <marc:datafield tag="035" ind1=" " ind2=" ">
         <marc:subfield code="a">(DE-615)00688175</marc:subfield>
      </marc:datafield>
      <marc:datafield tag="040" ind1=" " ind2=" ">
         <marc:subfield code="a">DE-576</marc:subfield>
         <marc:subfield code="b">ger</marc:subfield>
         <marc:subfield code="c">DE-576</marc:subfield>
         <marc:subfield code="e">rakwb</marc:subfield>
      </marc:datafield>
      <marc:datafield tag="041" ind1=" " ind2=" ">
         <marc:subfield code="a">eng</marc:subfield>
      </marc:datafield>
      <marc:datafield tag="082" ind1="0" ind2=" ">
         <marc:subfield code="a">792.7082</marc:subfield>
      </marc:datafield>
      <marc:datafield tag="082" ind1="0" ind2=" ">
         <marc:subfield code="a">792.7/082</marc:subfield>
      </marc:datafield>
      <marc:datafield tag="084" ind1=" " ind2=" ">
         <marc:subfield code="a">LS 47925</marc:subfield>
         <marc:subfield code="2">rvk</marc:subfield>
         <marc:subfield code="0">(DE-625)rvk/110532:13338</marc:subfield>
      </marc:datafield>
      <marc:datafield tag="084" ind1=" " ind2=" ">
         <marc:subfield code="a">AP 83971</marc:subfield>
         <marc:subfield code="2">rvk</marc:subfield>
         <marc:subfield code="0">(DE-625)rvk/8027:731</marc:subfield>
      </marc:datafield>
      <marc:datafield tag="100" ind1="1" ind2=" ">
         <marc:subfield code="a">Nieuwkerk, Karin van</marc:subfield>
         <marc:subfield code="d">1960-</marc:subfield>
         <marc:subfield code="0">(DE-588)105702841X</marc:subfield>
         <marc:subfield code="0">(DE-627)795059914</marc:subfield>
         <marc:subfield code="0">(DE-576)413023931</marc:subfield>
         <marc:subfield code="4">aut</marc:subfield>
      </marc:datafield>
      <marc:datafield tag="245" ind1="1" ind2="0">
         <marc:subfield code="a">"A trade like any other": female singers and dancers in Egypt</marc:subfield>
         <marc:subfield code="c">Karin van Nieuwkerk</marc:subfield>
      </marc:datafield>
      <marc:datafield tag="250" ind1=" " ind2=" ">
         <marc:subfield code="a">1. ed.</marc:subfield>
      </marc:datafield>
      <marc:datafield tag="264" ind1=" " ind2="1">
         <marc:subfield code="a">Austin, Tex.</marc:subfield>
         <marc:subfield code="b">Univ. of Texas Pr.</marc:subfield>
         <marc:subfield code="c">1995</marc:subfield>
      </marc:datafield>
      <marc:datafield tag="300" ind1=" " ind2=" ">
         <marc:subfield code="a">IX, 226 S.</marc:subfield>
      </marc:datafield>
      <marc:datafield tag="336" ind1=" " ind2=" ">
         <marc:subfield code="a">Text</marc:subfield>
         <marc:subfield code="b">txt</marc:subfield>
         <marc:subfield code="2">rdacontent</marc:subfield>
      </marc:datafield>
      <marc:datafield tag="337" ind1=" " ind2=" ">
         <marc:subfield code="a">ohne Hilfsmittel zu benutzen</marc:subfield>
         <marc:subfield code="b">n</marc:subfield>
         <marc:subfield code="2">rdamedia</marc:subfield>
      </marc:datafield>
      <marc:datafield tag="338" ind1=" " ind2=" ">
         <marc:subfield code="a">Band</marc:subfield>
         <marc:subfield code="b">nc</marc:subfield>
         <marc:subfield code="2">rdacarrier</marc:subfield>
      </marc:datafield>
      <marc:datafield tag="502" ind1=" " ind2=" ">
         <marc:subfield code="a">Zugl.: Amsterdam, Univ., Diss., 1990</marc:subfield>
      </marc:datafield>
      <marc:datafield tag="583" ind1="1" ind2=" ">
         <marc:subfield code="a">Archivierung/Langzeitarchivierung geplant</marc:subfield>
         <marc:subfield code="c">20200919</marc:subfield>
         <marc:subfield code="f">DE-640</marc:subfield>
         <marc:subfield code="z">1</marc:subfield>
         <marc:subfield code="2">pdager</marc:subfield>
      </marc:datafield>
      <marc:datafield tag="591" ind1=" " ind2=" ">
         <marc:subfield code="a">720 ff. (DDC): GBV/LOC; 5090 maschinell aus ähnlichen Titelaufnahmen ergänzt ; IMD-Felder und 1131 maschinell ergänzt (SWB)</marc:subfield>
      </marc:datafield>
      <marc:datafield tag="651" ind1=" " ind2="7">
         <marc:subfield code="0">(DE-588)4000556-2</marc:subfield>
         <marc:subfield code="0">(DE-627)104758139</marc:subfield>
         <marc:subfield code="0">(DE-576)208838619</marc:subfield>
         <marc:subfield code="a">Ägypten</marc:subfield>
         <marc:subfield code="2">gnd</marc:subfield>
      </marc:datafield>
      <marc:datafield tag="650" ind1="0" ind2="7">
         <marc:subfield code="0">(DE-588)4033423-5</marc:subfield>
         <marc:subfield code="0">(DE-627)106257307</marc:subfield>
         <marc:subfield code="0">(DE-576)209001941</marc:subfield>
         <marc:subfield code="a">Künstler</marc:subfield>
         <marc:subfield code="2">gnd</marc:subfield>
      </marc:datafield>
      <marc:datafield tag="650" ind1="0" ind2="7">
         <marc:subfield code="0">(DE-588)4018202-2</marc:subfield>
         <marc:subfield code="0">(DE-627)104270705</marc:subfield>
         <marc:subfield code="0">(DE-576)208923209</marc:subfield>
         <marc:subfield code="a">Frau</marc:subfield>
         <marc:subfield code="2">gnd</marc:subfield>
      </marc:datafield>
      <marc:datafield tag="650" ind1="0" ind2="7">
         <marc:subfield code="0">(DE-588)4186996-5</marc:subfield>
         <marc:subfield code="0">(DE-627)104115262</marc:subfield>
         <marc:subfield code="0">(DE-576)210042958</marc:subfield>
         <marc:subfield code="a">Unterhaltung</marc:subfield>
         <marc:subfield code="2">gnd</marc:subfield>
      </marc:datafield>
      <marc:datafield tag="650" ind1="0" ind2="7">
         <marc:subfield code="0">(DE-588)4323955-9</marc:subfield>
         <marc:subfield code="0">(DE-627)128436905</marc:subfield>
         <marc:subfield code="0">(DE-576)211249572</marc:subfield>
         <marc:subfield code="a">Traditionale Kultur</marc:subfield>
         <marc:subfield code="2">gnd</marc:subfield>
      </marc:datafield>
      <marc:datafield tag="650" ind1="0" ind2="7">
         <marc:subfield code="0">(DE-588)4059028-8</marc:subfield>
         <marc:subfield code="0">(DE-627)106144979</marc:subfield>
         <marc:subfield code="0">(DE-576)209129018</marc:subfield>
         <marc:subfield code="a">Tanz</marc:subfield>
         <marc:subfield code="2">gnd</marc:subfield>
      </marc:datafield>
      <marc:datafield tag="650" ind1=" " ind2="4">
         <marc:subfield code="a">Ägypten</marc:subfield>
         <marc:subfield code="x">Künstler</marc:subfield>
         <marc:subfield code="x">Frauen</marc:subfield>
         <marc:subfield code="x">Unterhaltung</marc:subfield>
         <marc:subfield code="x">Traditionelle Kultur</marc:subfield>
         <marc:subfield code="x">Tanz</marc:subfield>
         <marc:subfield code="x">Sänger</marc:subfield>
         <marc:subfield code="x">Status und Rolle</marc:subfield>
      </marc:datafield>
      <marc:datafield tag="655" ind1=" " ind2="7">
         <marc:subfield code="a">Hochschulschrift</marc:subfield>
         <marc:subfield code="0">(DE-588)4113937-9</marc:subfield>
         <marc:subfield code="0">(DE-627)105825778</marc:subfield>
         <marc:subfield code="0">(DE-576)209480580</marc:subfield>
         <marc:subfield code="2">gnd-content</marc:subfield>
      </marc:datafield>
      <marc:datafield tag="751" ind1=" " ind2=" ">
         <marc:subfield code="a">Amsterdam</marc:subfield>
         <marc:subfield code="0">(DE-588)4001783-7</marc:subfield>
         <marc:subfield code="0">(DE-627)106395750</marc:subfield>
         <marc:subfield code="0">(DE-576)208844317</marc:subfield>
         <marc:subfield code="4">uvp</marc:subfield>
      </marc:datafield>
      <marc:datafield tag="850" ind1=" " ind2=" ">
         <marc:subfield code="a">ab</marc:subfield>
      </marc:datafield>
      <marc:datafield tag="936" ind1="r" ind2="v">
         <marc:subfield code="a">LS 47925</marc:subfield>
         <marc:subfield code="b">Gesamtdarstellungen (Kultur- und Länderkunde)</marc:subfield>
         <marc:subfield code="k">Musikwissenschaft</marc:subfield>
         <marc:subfield code="k">I. Musica theoretica</marc:subfield>
         <marc:subfield code="k">Musikalische Volks- und Völkerkunde: Musica theoretica</marc:subfield>
         <marc:subfield code="k">Afrikanische Musik - Theoretica</marc:subfield>
         <marc:subfield code="k">Afrika</marc:subfield>
         <marc:subfield code="k">Subsaharisches Afrika</marc:subfield>
         <marc:subfield code="k">Südafrika</marc:subfield>
         <marc:subfield code="k">Südafrika &lt;Staat&gt;</marc:subfield>
         <marc:subfield code="k">Gesamtdarstellungen (Kultur- und Länderkunde)</marc:subfield>
         <marc:subfield code="0">(DE-627)1271435195</marc:subfield>
         <marc:subfield code="0">(DE-625)rvk/110532:13338</marc:subfield>
         <marc:subfield code="0">(DE-576)201435195</marc:subfield>
      </marc:datafield>
      <marc:datafield tag="936" ind1="r" ind2="v">
         <marc:subfield code="a">AP 83971</marc:subfield>
         <marc:subfield code="b">Nordafrika</marc:subfield>
         <marc:subfield code="k">Allgemeines</marc:subfield>
         <marc:subfield code="k">Medien- und Kommunikationswissenschaften, Kommunikationsdesign</marc:subfield>
         <marc:subfield code="k">Tanz</marc:subfield>
         <marc:subfield code="k">Geschichte und Entwicklung</marc:subfield>
         <marc:subfield code="k">Tanzgeschichte einzelner Länder</marc:subfield>
         <marc:subfield code="k">Afrika</marc:subfield>
         <marc:subfield code="k">Nordafrika</marc:subfield>
         <marc:subfield code="0">(DE-627)127338041X</marc:subfield>
         <marc:subfield code="0">(DE-625)rvk/8027:731</marc:subfield>
         <marc:subfield code="0">(DE-576)20338041X</marc:subfield>
      </marc:datafield>
      <marc:datafield tag="936" ind1="f" ind2="i">
         <marc:subfield code="a">RG01.16</marc:subfield>
         <marc:subfield code="b">Ägypten</marc:subfield>
         <marc:subfield code="k">Naher und Mittlerer Osten und Nordafrika</marc:subfield>
         <marc:subfield code="k">Nordafrika</marc:subfield>
         <marc:subfield code="k">Ägypten</marc:subfield>
         <marc:subfield code="0">(DE-627)175613362X</marc:subfield>
         <marc:subfield code="2">fivr</marc:subfield>
      </marc:datafield>
      <marc:datafield tag="936" ind1="f" ind2="i">
         <marc:subfield code="a">SG08</marc:subfield>
         <marc:subfield code="b">Kultur/Sprache/Kunst</marc:subfield>
         <marc:subfield code="k">Gesellschaft</marc:subfield>
         <marc:subfield code="k">Kultur/Sprache/Kunst</marc:subfield>
         <marc:subfield code="0">(DE-627)1756136084</marc:subfield>
         <marc:subfield code="2">fivs</marc:subfield>
      </marc:datafield>
      <marc:datafield tag="938" ind1="1" ind2="0">
         <marc:subfield code="0">(DE-627)175616522X</marc:subfield>
         <marc:subfield code="0">(DE-615)800308634</marc:subfield>
         <marc:subfield code="a">Ägypten</marc:subfield>
      </marc:datafield>
      <marc:datafield tag="938" ind1="1" ind2="0">
         <marc:subfield code="0">(DE-627)1756221081</marc:subfield>
         <marc:subfield code="0">(DE-615)800252602</marc:subfield>
         <marc:subfield code="a">Künstler</marc:subfield>
      </marc:datafield>
      <marc:datafield tag="938" ind1="1" ind2="0">
         <marc:subfield code="0">(DE-627)1756141266</marc:subfield>
         <marc:subfield code="0">(DE-615)800627678</marc:subfield>
         <marc:subfield code="a">Frauen</marc:subfield>
      </marc:datafield>
      <marc:datafield tag="938" ind1="1" ind2="0">
         <marc:subfield code="0">(DE-627)1756178208</marc:subfield>
         <marc:subfield code="0">(DE-615)800420203</marc:subfield>
         <marc:subfield code="a">Unterhaltung</marc:subfield>
      </marc:datafield>
      <marc:datafield tag="938" ind1="1" ind2="0">
         <marc:subfield code="0">(DE-627)1756205388</marc:subfield>
         <marc:subfield code="0">(DE-615)800658108</marc:subfield>
         <marc:subfield code="a">Traditionelle Kultur</marc:subfield>
      </marc:datafield>
      <marc:datafield tag="938" ind1="1" ind2="0">
         <marc:subfield code="0">(DE-627)1756164991</marc:subfield>
         <marc:subfield code="0">(DE-615)800294573</marc:subfield>
         <marc:subfield code="a">Tanz</marc:subfield>
      </marc:datafield>
      <marc:datafield tag="938" ind1="1" ind2="0">
         <marc:subfield code="0">(DE-627)175614690X</marc:subfield>
         <marc:subfield code="0">(DE-615)800558517</marc:subfield>
         <marc:subfield code="a">Sänger</marc:subfield>
      </marc:datafield>
      <marc:datafield tag="938" ind1="1" ind2="0">
         <marc:subfield code="0">(DE-627)1756228515</marc:subfield>
         <marc:subfield code="0">(DE-615)800419123</marc:subfield>
         <marc:subfield code="a">Status und Rolle</marc:subfield>
      </marc:datafield>
      <marc:datafield tag="951" ind1=" " ind2=" ">
         <marc:subfield code="a">BO</marc:subfield>
      </marc:datafield>
   </marc:record>