
   <marc:record>
      <marc:leader>     cam a22        4500</marc:leader>
      <marc:controlfield tag="001">104464593</marc:controlfield>
      <marc:controlfield tag="003">DE-576</marc:controlfield>
      <marc:controlfield tag="005">20200729021247.0</marc:controlfield>
      <marc:controlfield tag="007">tu</marc:controlfield>
      <marc:controlfield tag="008">030430s1975    hu |||||      00| ||ger c</marc:controlfield>
      <marc:datafield tag="020" ind1=" " ind2=" ">
         <marc:subfield code="a">9631374459</marc:subfield>
         <marc:subfield code="9">963-13-7445-9</marc:subfield>
      </marc:datafield>
      <marc:datafield tag="035" ind1=" " ind2=" ">
         <marc:subfield code="a">(DE-627)1604763779</marc:subfield>
      </marc:datafield>
      <marc:datafield tag="035" ind1=" " ind2=" ">
         <marc:subfield code="a">(DE-576)104464593</marc:subfield>
      </marc:datafield>
      <marc:datafield tag="035" ind1=" " ind2=" ">
         <marc:subfield code="a">(DE-599)BSZ104464593</marc:subfield>
      </marc:datafield>
      <marc:datafield tag="035" ind1=" " ind2=" ">
         <marc:subfield code="a">(OCoLC)65054437</marc:subfield>
      </marc:datafield>
      <marc:datafield tag="035" ind1=" " ind2=" ">
         <marc:subfield code="a">(OCoLC)65054437</marc:subfield>
      </marc:datafield>
      <marc:datafield tag="040" ind1=" " ind2=" ">
         <marc:subfield code="a">DE-576</marc:subfield>
         <marc:subfield code="b">ger</marc:subfield>
         <marc:subfield code="c">DE-576</marc:subfield>
         <marc:subfield code="e">rakwb</marc:subfield>
      </marc:datafield>
      <marc:datafield tag="041" ind1=" " ind2=" ">
         <marc:subfield code="a">ger</marc:subfield>
      </marc:datafield>
      <marc:datafield tag="044" ind1=" " ind2=" ">
         <marc:subfield code="c">XA-HU</marc:subfield>
      </marc:datafield>
      <marc:datafield tag="084" ind1=" " ind2=" ">
         <marc:subfield code="a">LS 20940</marc:subfield>
         <marc:subfield code="2">rvk</marc:subfield>
         <marc:subfield code="0">(DE-625)rvk/109947:2195</marc:subfield>
      </marc:datafield>
      <marc:datafield tag="084" ind1=" " ind2=" ">
         <marc:subfield code="a">LC 87275</marc:subfield>
         <marc:subfield code="2">rvk</marc:subfield>
         <marc:subfield code="0">(DE-625)rvk/90699:853</marc:subfield>
      </marc:datafield>
      <marc:datafield tag="084" ind1=" " ind2=" ">
         <marc:subfield code="a">LC 86275</marc:subfield>
         <marc:subfield code="2">rvk</marc:subfield>
         <marc:subfield code="0">(DE-625)rvk/90698:853</marc:subfield>
      </marc:datafield>
      <marc:datafield tag="100" ind1="1" ind2=" ">
         <marc:subfield code="a">Manga, János</marc:subfield>
         <marc:subfield code="4">aut</marc:subfield>
      </marc:datafield>
      <marc:datafield tag="240" ind1="1" ind2="0">
         <marc:subfield code="a">Magyar népdalok, népi hangszerek &lt;dt.&gt;</marc:subfield>
      </marc:datafield>
      <marc:datafield tag="245" ind1="1" ind2="0">
         <marc:subfield code="a">Ungarische Volkslieder und Volksinstrumente</marc:subfield>
         <marc:subfield code="c">János Manga. Aus dem Ungar. übertr. von Margarete Sárkány</marc:subfield>
      </marc:datafield>
      <marc:datafield tag="250" ind1=" " ind2=" ">
         <marc:subfield code="a">2. Aufl.</marc:subfield>
      </marc:datafield>
      <marc:datafield tag="264" ind1=" " ind2="1">
         <marc:subfield code="a">Budapest</marc:subfield>
         <marc:subfield code="b">Corvina</marc:subfield>
         <marc:subfield code="c">1975</marc:subfield>
      </marc:datafield>
      <marc:datafield tag="300" ind1=" " ind2=" ">
         <marc:subfield code="a">XVI, 81 S.</marc:subfield>
         <marc:subfield code="b">Ill., Noten</marc:subfield>
      </marc:datafield>
      <marc:datafield tag="336" ind1=" " ind2=" ">
         <marc:subfield code="a">Text</marc:subfield>
         <marc:subfield code="b">txt</marc:subfield>
         <marc:subfield code="2">rdacontent</marc:subfield>
      </marc:datafield>
      <marc:datafield tag="337" ind1=" " ind2=" ">
         <marc:subfield code="a">ohne Hilfsmittel zu benutzen</marc:subfield>
         <marc:subfield code="b">n</marc:subfield>
         <marc:subfield code="2">rdamedia</marc:subfield>
      </marc:datafield>
      <marc:datafield tag="338" ind1=" " ind2=" ">
         <marc:subfield code="a">Band</marc:subfield>
         <marc:subfield code="b">nc</marc:subfield>
         <marc:subfield code="2">rdacarrier</marc:subfield>
      </marc:datafield>
      <marc:datafield tag="490" ind1="1" ind2=" ">
         <marc:subfield code="a">Ungarische Volkskunst</marc:subfield>
         <marc:subfield code="v">2</marc:subfield>
      </marc:datafield>
      <marc:datafield tag="591" ind1=" " ind2=" ">
         <marc:subfield code="a">720 ff. bvb ; IMD-Felder und 1131 maschinell ergänzt (SWB)</marc:subfield>
      </marc:datafield>
      <marc:datafield tag="689" ind1="0" ind2="0">
         <marc:subfield code="D">g</marc:subfield>
         <marc:subfield code="0">(DE-588)4078541-5</marc:subfield>
         <marc:subfield code="0">(DE-627)104826150</marc:subfield>
         <marc:subfield code="0">(DE-576)209209097</marc:subfield>
         <marc:subfield code="a">Ungarn</marc:subfield>
         <marc:subfield code="2">gnd</marc:subfield>
      </marc:datafield>
      <marc:datafield tag="689" ind1="0" ind2="1">
         <marc:subfield code="D">s</marc:subfield>
         <marc:subfield code="0">(DE-588)4063852-2</marc:subfield>
         <marc:subfield code="0">(DE-627)104340371</marc:subfield>
         <marc:subfield code="0">(DE-576)209150742</marc:subfield>
         <marc:subfield code="a">Volkslied</marc:subfield>
         <marc:subfield code="2">gnd</marc:subfield>
      </marc:datafield>
      <marc:datafield tag="689" ind1="0" ind2=" ">
         <marc:subfield code="5">(DE-627)</marc:subfield>
      </marc:datafield>
      <marc:datafield tag="689" ind1="1" ind2="0">
         <marc:subfield code="D">g</marc:subfield>
         <marc:subfield code="0">(DE-588)4078541-5</marc:subfield>
         <marc:subfield code="0">(DE-627)104826150</marc:subfield>
         <marc:subfield code="0">(DE-576)209209097</marc:subfield>
         <marc:subfield code="a">Ungarn</marc:subfield>
         <marc:subfield code="2">gnd</marc:subfield>
      </marc:datafield>
      <marc:datafield tag="689" ind1="1" ind2="1">
         <marc:subfield code="D">s</marc:subfield>
         <marc:subfield code="0">(DE-588)4117397-1</marc:subfield>
         <marc:subfield code="0">(DE-627)105799610</marc:subfield>
         <marc:subfield code="0">(DE-576)209509554</marc:subfield>
         <marc:subfield code="a">Volksmusikinstrument</marc:subfield>
         <marc:subfield code="2">gnd</marc:subfield>
      </marc:datafield>
      <marc:datafield tag="689" ind1="1" ind2=" ">
         <marc:subfield code="5">(DE-627)</marc:subfield>
      </marc:datafield>
      <marc:datafield tag="700" ind1="1" ind2=" ">
         <marc:subfield code="a">Sárkány, Margarete</marc:subfield>
         <marc:subfield code="e">Übers.</marc:subfield>
         <marc:subfield code="4">trl</marc:subfield>
      </marc:datafield>
      <marc:datafield tag="700" ind1="1" ind2="2">
         <marc:subfield code="a">Manga, János</marc:subfield>
         <marc:subfield code="t">Magyar népdalok, népi hangszerek &lt;dt.&gt;</marc:subfield>
      </marc:datafield>
      <marc:datafield tag="830" ind1=" " ind2="0">
         <marc:subfield code="a">Ungarische Volkskunst</marc:subfield>
         <marc:subfield code="v">2</marc:subfield>
         <marc:subfield code="9">2,2</marc:subfield>
         <marc:subfield code="w">(DE-627)131061534</marc:subfield>
         <marc:subfield code="w">(DE-576)002820323</marc:subfield>
         <marc:subfield code="w">(DE-600)1107004-3</marc:subfield>
      </marc:datafield>
      <marc:datafield tag="936" ind1="r" ind2="v">
         <marc:subfield code="a">LS 20940</marc:subfield>
         <marc:subfield code="b">Magyaren (= Ungarn)</marc:subfield>
         <marc:subfield code="k">Musikwissenschaft</marc:subfield>
         <marc:subfield code="k">I. Musica theoretica</marc:subfield>
         <marc:subfield code="k">Musikalische Volks- und Völkerkunde: Musica theoretica</marc:subfield>
         <marc:subfield code="k">Volksmusik in Europa und Amerika -  Theoretica</marc:subfield>
         <marc:subfield code="k">1. Allgemeines, mehrere Gattungen (z.B. Tanz und Lied)</marc:subfield>
         <marc:subfield code="k">Mehrere Gattungen in der nationalen Tradition</marc:subfield>
         <marc:subfield code="k">Nicht-indogermanische Völker</marc:subfield>
         <marc:subfield code="k">Magyaren (= Ungarn)</marc:subfield>
         <marc:subfield code="0">(DE-627)1271439255</marc:subfield>
         <marc:subfield code="0">(DE-625)rvk/109947:2195</marc:subfield>
         <marc:subfield code="0">(DE-576)201439255</marc:subfield>
      </marc:datafield>
      <marc:datafield tag="936" ind1="r" ind2="v">
         <marc:subfield code="a">LC 87275</marc:subfield>
         <marc:subfield code="b">Ungarn</marc:subfield>
         <marc:subfield code="k">Ethnologie</marc:subfield>
         <marc:subfield code="k">Kunst und Wissen</marc:subfield>
         <marc:subfield code="k">Theater-, Musik- und Kunstethnologie</marc:subfield>
         <marc:subfield code="k">Musik, Klang, Akkustik</marc:subfield>
         <marc:subfield code="k">Europa</marc:subfield>
         <marc:subfield code="k">Osteuropa</marc:subfield>
         <marc:subfield code="k">Südosteuropa</marc:subfield>
         <marc:subfield code="k">Ungarn</marc:subfield>
         <marc:subfield code="0">(DE-627)1271595303</marc:subfield>
         <marc:subfield code="0">(DE-625)rvk/90699:853</marc:subfield>
         <marc:subfield code="0">(DE-576)201595303</marc:subfield>
      </marc:datafield>
      <marc:datafield tag="936" ind1="r" ind2="v">
         <marc:subfield code="a">LC 86275</marc:subfield>
         <marc:subfield code="b">Ungarn</marc:subfield>
         <marc:subfield code="k">Ethnologie</marc:subfield>
         <marc:subfield code="k">Kunst und Wissen</marc:subfield>
         <marc:subfield code="k">Theater-, Musik- und Kunstethnologie</marc:subfield>
         <marc:subfield code="k">Lied und Gesang</marc:subfield>
         <marc:subfield code="k">Europa</marc:subfield>
         <marc:subfield code="k">Osteuropa</marc:subfield>
         <marc:subfield code="k">Südosteuropa</marc:subfield>
         <marc:subfield code="k">Ungarn</marc:subfield>
         <marc:subfield code="0">(DE-627)1272222616</marc:subfield>
         <marc:subfield code="0">(DE-625)rvk/90698:853</marc:subfield>
         <marc:subfield code="0">(DE-576)202222616</marc:subfield>
      </marc:datafield>
      <marc:datafield tag="951" ind1=" " ind2=" ">
         <marc:subfield code="a">BO</marc:subfield>
      </marc:datafield>
   </marc:record>